<?xml version="1.0" encoding="UTF-8"?><collection xmlns="http://www.loc.gov/MARC21/slim"><record><leader>00411nam--2200145-i-4500</leader><controlfield tag="001">000039405</controlfield><controlfield tag="002">20161230</controlfield><controlfield tag="005">20161230201042</controlfield><controlfield tag="008">060222s1000------------r-----000-0-eng-d</controlfield><datafield ind1=" " ind2=" " tag="080"><subfield code="a">533.5:621.52</subfield></datafield><datafield ind1=" " ind2=" " tag="100"><subfield code="a">Robinson, Norman W</subfield></datafield><datafield ind1=" " ind2=" " tag="245"><subfield code="a">The physical principles of ultra-high vacuum systems and equipment</subfield></datafield><datafield ind1=" " ind2=" " tag="260"><subfield code="a">London, Chapman And Hall, 1968, Ix + 270p</subfield></datafield><datafield ind1=" " ind2=" " tag="490"><subfield code="a">High Vacuum Series</subfield></datafield><datafield ind1=" " ind2=" " tag="852"><subfield code="a">30418</subfield></datafield></record></collection>